<collection>
<record>
<leader>05704cpcaa22008177a 4500</leader>
<controlfield tag="001">17297210</controlfield>
<controlfield tag="005">20240807112837.0</controlfield>
<controlfield tag="008">120514i19611988xx eng </controlfield>
<datafield ind1=" " ind2=" " tag="906">
<subfield code="a">7</subfield>
<subfield code="b">cbc</subfield>
<subfield code="c">orignew</subfield>
<subfield code="d">u</subfield>
<subfield code="e">ncip</subfield>
<subfield code="f">20</subfield>
<subfield code="g">y-folklife</subfield>
</datafield>
<datafield ind1=" " ind2=" " tag="955">
<subfield code="a">mkru 2012-05-14;</subfield>
<subfield code="a">mseg 2013-01-03</subfield>
<subfield code="a">mseg 2014-12-08</subfield>
<subfield code="a">mseg 2014-12-19</subfield>
<subfield code="a">mseg 2014-12-24</subfield>
<subfield code="a">mseg 2015-04-06</subfield>
<subfield code="a">mseg 2017-07-15</subfield>
<subfield code="a">mseg 2017-08-18</subfield>
<subfield code="a">mseg 2017-08-28</subfield>
<subfield code="a">mseg 2017-09-24</subfield>
<subfield code="a">mseg 2017-10-31</subfield>
<subfield code="a">mseg 2017-11-29</subfield>
<subfield code="a">mseg 2019-04-01</subfield>
<subfield code="a">kere 2019-05-06</subfield>
<subfield code="a">mseg 2020-09-02</subfield>
<subfield code="a">masmit 2020-09-03</subfield>
<subfield code="a">mseg 2022-11-07</subfield>
<subfield code="a">jhock 2022-11-17</subfield>
<subfield code="a">sludewig 2023-06-22</subfield>
<subfield code="a">mseg 2024-08-07</subfield>
</datafield>
<datafield ind1=" " ind2=" " tag="010">
<subfield code="a"> 2012655293</subfield>
</datafield>
<datafield ind1=" " ind2=" " tag="040">
<subfield code="a">DLC</subfield>
<subfield code="c">DLC</subfield>
<subfield code="e">dacs</subfield>
<subfield code="d">DLC</subfield>
</datafield>
<datafield ind1=" " ind2=" " tag="043">
<subfield code="a">n-us---</subfield>
</datafield>
<datafield ind1=" " ind2=" " tag="090">
<subfield code="a">
FRC 5667-5674, FRC 7361-7434, FRC 7561-7582, FRC 7584-7659, FRC 7661-7668, FRC 8631, FRC 8633-8658, FRC 9001; FSC 6762-6765, FSC 6767-6800, FSD 1161-1172, FSD 6241-6261, FSD 6722-6764, FSD 6767-6807, FSD 6809- 6816, FSD 8701-8767, FSD 9223-9228, FSE 0434; FTB 3430, FTB 3529-3536, FTB 3538-3545, FTB 4351-4365, FTB 4481-4483, FTB 4485-4508, FTB 4510-4512, FTB 4514-4523, FTB 4525-4542, FTB 4544-4550, FTB 4552, FTB 4554-4562; FUA 1804, FUA 1807-1810; ZRA 0169, ZSA 0707, ZSA 0710-0713, ZTA 0265-ZTA 0267 (safety films)
</subfield>
</datafield>
<datafield ind1=" " ind2=" " tag="090">
<subfield code="a">
RAA 59182-59185 (10 in. sound reels); RGC 0763-0765 (DATs); RXH 2235-2355, RXH 2357-2740, RXH 9140-9549; RXH 9551- 9602 (7 in. sound reels); RYP 7259-7262, RYP 7410-7572 (cassettes)
</subfield>
</datafield>
<datafield ind1=" " ind2=" " tag="090">
<subfield code="a">
VAS 4732 (VHS); VAS 4733-4743, VAS 4745, VAS 4747, VAS 4955-4959 (8 mm and Hi8); VBY 3959 (Digital Betacam); VBY 3960-6061, VBY 6062-6065 (U-matic); VRA 4258-4292, VRA 4491 (videoreels)
</subfield>
</datafield>
<datafield ind1=" " ind2=" " tag="090">
<subfield code="a">AFC 2011/009</subfield>
</datafield>
<datafield ind1="0" ind2="0" tag="245">
<subfield code="a">Bruce Jackson and Diane Christian collection,</subfield>
<subfield code="f">circa 1961-1988.</subfield>
</datafield>
<datafield ind1=" " ind2=" " tag="300">
<subfield code="a">approximately 3346</subfield>
<subfield code="f">items ;</subfield>
<subfield code="a">5</subfield>
<subfield code="f">containers ;</subfield>
<subfield code="a">27.5</subfield>
<subfield code="f">linear feet.</subfield>
</datafield>
<datafield ind1=" " ind2=" " tag="300">
<subfield code="3">manuscripts</subfield>
<subfield code="a">5 containers ; approximately 1400 items.</subfield>
</datafield>
<datafield ind1=" " ind2=" " tag="300">
<subfield code="3">sound recordings</subfield>
<subfield code="a">197 sound cassettes :</subfield>
<subfield code="b">analog.</subfield>
</datafield>
<datafield ind1=" " ind2=" " tag="300">
<subfield code="3">sound recordings</subfield>
<subfield code="a">1062 sound tape reels :</subfield>
<subfield code="b">analog ;</subfield>
<subfield code="c">5 in., 7 in., 10 in.</subfield>
</datafield>
<datafield ind1=" " ind2=" " tag="300">
<subfield code="3">graphic materials</subfield>
<subfield code="a">10 photographs :</subfield>
<subfield code="b">film positives, color ;</subfield>
<subfield code="c">35 mm</subfield>
</datafield>
<datafield ind1=" " ind2=" " tag="300">
<subfield code="3">graphic materials</subfield>
<subfield code="a">3 photographs :</subfield>
<subfield code="b">prints, black and white ;</subfield>
<subfield code="c">5 x 6 in. and smaller.</subfield>
</datafield>
<datafield ind1=" " ind2=" " tag="300">
<subfield code="3">moving images</subfield>
<subfield code="a">approximately 614 film elements.</subfield>
</datafield>
<datafield ind1=" " ind2=" " tag="300">
<subfield code="3">moving images</subfield>
<subfield code="a">approximately 60 videocassettes.</subfield>
</datafield>
<datafield ind1=" " ind2=" " tag="520">
<subfield code="a">
Documentation of fieldwork conducted by Bruce Jackson in prisons in Indiana, Missouri, and Texas; recordings at concerts and festivals including the Newport Folk Festival 1963-1965, 1967-1968; interviews conducted at various events including Resurrection City, 1968; interviews with and performances by various blues artists, folk artists, and others including poets and literary figures,1961-1980s; production footage for film documentaries on various topics by Bruce Jackson and Diane Christian.
</subfield>
</datafield>
<datafield ind1=" " ind2=" " tag="520">
<subfield code="a">
2022 accrual extent not incorporated above. Addition includes appx. 25,726 manuscript pages, 6,650 negatives frames, 1,212 35mm slides, and 553 photo prints, 124 audiocassettes, 39 microcassettes, 1 CD, 78 open reel audiotapes, 12 minidisc, 1 digibeta tape, 19 vhs, 8 hi8, 2 dvds, 7 cans of 16mm film, 5 digital audio files, 119 digital image files, 7 digital text files, and 134 digital moving image files.
</subfield>
</datafield>
<datafield ind1="8" ind2=" " tag="524">
<subfield code="a">
Bruce Jackson and Diane Christian Collection (AFC 2011/009), Archive of Folk Culture, American Folklife Center, Library of Congress, Washington, D.C.
</subfield>
</datafield>
<datafield ind1="0" ind2=" " tag="506">
<subfield code="a">
Collection is open for research. Access to recordings may be restricted. For information please contact the Folklife Reading Room at http://hdl.loc.gov/loc.afc/folklife.contact
</subfield>
</datafield>
<datafield ind1=" " ind2=" " tag="540">
<subfield code="a">
Duplication of the collection materials may be governed by copyright and other restrictions.
</subfield>
</datafield>
<datafield ind1=" " ind2=" " tag="541">
<subfield code="a">Bruce Jackson and Diane Christian</subfield>
<subfield code="c">Purchase;</subfield>
<subfield code="d">2010-2011.</subfield>
</datafield>
<datafield ind1=" " ind2=" " tag="541">
<subfield code="3">
1 folder of manuscripts and approximately 50 8.5 x 11" prints
</subfield>
<subfield code="a">Bruce Jackson and Diane Christian</subfield>
<subfield code="c">Accrual;</subfield>
<subfield code="d">2018</subfield>
</datafield>
<datafield ind1=" " ind2=" " tag="546">
<subfield code="a">Mostly in English.</subfield>
</datafield>
<datafield ind1="0" ind2=" " tag="555">
<subfield code="a">Finding aid is available online</subfield>
<subfield code="u">http://hdl.loc.gov/loc.afc/eadafc.af018002</subfield>
</datafield>
<datafield ind1="1" ind2="0" tag="600">
<subfield code="a">Creeley, Robert,</subfield>
<subfield code="d">1926-2005.</subfield>
</datafield>
<datafield ind1="1" ind2="0" tag="600">
<subfield code="a">Hurt, Mississippi John,</subfield>
<subfield code="d">1892-1966.</subfield>
</datafield>
<datafield ind1="1" ind2="0" tag="600">
<subfield code="a">James, Skip,</subfield>
<subfield code="d">1902-1969.</subfield>
</datafield>
<datafield ind1="1" ind2="0" tag="600">
<subfield code="a">Kunstler, William M.</subfield>
<subfield code="q">(William Moses),</subfield>
<subfield code="d">1919-1995.</subfield>
</datafield>
<datafield ind1="1" ind2="0" tag="600">
<subfield code="a">McClure, Michael.</subfield>
</datafield>
<datafield ind1="0" ind2="0" tag="600">
<subfield code="a">Muddy Waters,</subfield>
<subfield code="d">1915-1983.</subfield>
</datafield>
<datafield ind1="1" ind2="0" tag="600">
<subfield code="a">Seeger, Pete,</subfield>
<subfield code="d">1919-2004.</subfield>
</datafield>
<datafield ind1="2" ind2="0" tag="611">
<subfield code="a">Newport Folk Festival.</subfield>
</datafield>
<datafield ind1=" " ind2="0" tag="650">
<subfield code="a">African American prisoners.</subfield>
</datafield>
<datafield ind1=" " ind2="0" tag="650">
<subfield code="a">Blues (Music)</subfield>
<subfield code="y">1961-1970.</subfield>
</datafield>
<datafield ind1=" " ind2="0" tag="650">
<subfield code="a">Death row</subfield>
<subfield code="z">United States.</subfield>
</datafield>
<datafield ind1=" " ind2="0" tag="650">
<subfield code="a">Death row inmates</subfield>
<subfield code="z">United States.</subfield>
</datafield>
<datafield ind1=" " ind2="0" tag="650">
<subfield code="a">Ex-nuns</subfield>
<subfield code="z">United States</subfield>
<subfield code="v">Interviews.</subfield>
</datafield>
<datafield ind1=" " ind2="0" tag="650">
<subfield code="a">Folk festivals</subfield>
<subfield code="z">United States.</subfield>
</datafield>
<datafield ind1=" " ind2="0" tag="650">
<subfield code="a">Folk music</subfield>
<subfield code="z">United States.</subfield>
</datafield>
<datafield ind1=" " ind2="0" tag="650">
<subfield code="a">Poor People's Campaign.</subfield>
</datafield>
<datafield ind1=" " ind2="0" tag="650">
<subfield code="a">Prisons</subfield>
<subfield code="z">Indiana.</subfield>
</datafield>
<datafield ind1=" " ind2="0" tag="650">
<subfield code="a">Prisons</subfield>
<subfield code="z">Missouri.</subfield>
</datafield>
<datafield ind1=" " ind2="0" tag="650">
<subfield code="a">Prisons</subfield>
<subfield code="z">Texas.</subfield>
</datafield>
<datafield ind1=" " ind2="0" tag="650">
<subfield code="a">Veterans</subfield>
<subfield code="z">United States</subfield>
<subfield code="v">Interviews.</subfield>
</datafield>
<datafield ind1=" " ind2="7" tag="655">
<subfield code="a">Manuscripts.</subfield>
<subfield code="2">aat</subfield>
</datafield>
<datafield ind1=" " ind2="7" tag="655">
<subfield code="a">Correspondence.</subfield>
<subfield code="2">aat</subfield>
</datafield>
<datafield ind1=" " ind2="7" tag="655">
<subfield code="a">Sound recordings.</subfield>
<subfield code="2">lcgft</subfield>
</datafield>
<datafield ind1=" " ind2="7" tag="655">
<subfield code="a">Documentary films.</subfield>
<subfield code="2">lcgft</subfield>
</datafield>
<datafield ind1=" " ind2="7" tag="655">
<subfield code="a">Film.</subfield>
<subfield code="2">aat</subfield>
</datafield>
<datafield ind1=" " ind2="7" tag="655">
<subfield code="a">Videocassettes.</subfield>
<subfield code="2">aat</subfield>
</datafield>
<datafield ind1=" " ind2="7" tag="655">
<subfield code="a">Photographs.</subfield>
<subfield code="2">lcgft</subfield>
</datafield>
<datafield ind1=" " ind2="7" tag="655">
<subfield code="a">Interviews.</subfield>
<subfield code="2">lcgft</subfield>
</datafield>
<datafield ind1=" " ind2="7" tag="655">
<subfield code="a">Oral histories.</subfield>
<subfield code="2">lcgft</subfield>
</datafield>
<datafield ind1=" " ind2="7" tag="655">
<subfield code="a">Field recordings.</subfield>
<subfield code="2">lcgft</subfield>
</datafield>
<datafield ind1="1" ind2=" " tag="700">
<subfield code="a">Jackson, Bruce,</subfield>
<subfield code="d">1936-</subfield>
<subfield code="e">collector,</subfield>
<subfield code="e">creator.</subfield>
</datafield>
<datafield ind1="1" ind2=" " tag="700">
<subfield code="a">Christian, Diane,</subfield>
<subfield code="d">1939-</subfield>
<subfield code="e">collector,</subfield>
<subfield code="e">creator.</subfield>
</datafield>
<datafield ind1=" " ind2=" " tag="852">
<subfield code="a">DLC-AFC</subfield>
<subfield code="b">Archive of Folk Culture, American Folklife Center,</subfield>
<subfield code="e">
101 Independence Ave. S.E., Washington, DC USA 20540-4610
</subfield>
<subfield code="u">http://hdl.loc.gov/loc.afc/folklife.home</subfield>
</datafield>
<datafield ind1="4" ind2="2" tag="856">
<subfield code="3">Finding aid</subfield>
<subfield code="u">http://hdl.loc.gov/loc.afc/eadafc.af018002</subfield>
</datafield>
<datafield ind1=" " ind2=" " tag="985">
<subfield code="a">afc/coll</subfield>
</datafield>
<datafield ind1=" " ind2=" " tag="985">
<subfield code="a">afc/ead</subfield>
</datafield>
</record>
</collection>